<?xml version="1.0" encoding="UTF-8"?><collection xmlns="http://www.loc.gov/MARC21/slim"><record><leader>00453nam--2200181-u-4500</leader><controlfield tag="001">000052520</controlfield><controlfield tag="002">20161230</controlfield><controlfield tag="005">20161230201050</controlfield><controlfield tag="008">100902s1000------------r-----000-0-rus-d</controlfield><datafield ind1=" " ind2=" " tag="040"><subfield code="a">IFIN-HH</subfield></datafield><datafield ind1=" " ind2=" " tag="041"><subfield code="a">rus</subfield></datafield><datafield ind1=" " ind2=" " tag="080"><subfield code="a">531.38</subfield></datafield><datafield ind1="1" ind2=" " tag="100"><subfield code="a">Proskuriakov, A.P</subfield></datafield><datafield ind1="1" ind2="0" tag="245"><subfield code="a">Metod puankare v teorii nelineinih kolevanii</subfield><subfield code="c">A.P. Proskuriakov</subfield></datafield><datafield ind1=" " ind2=" " tag="260"><subfield code="a">Moskva</subfield><subfield code="b">Nauka</subfield><subfield code="c">1977</subfield></datafield><datafield ind1=" " ind2=" " tag="300"><subfield code="a">256 p</subfield></datafield><datafield ind1=" " ind2=" " tag="852"><subfield code="a">76533</subfield><subfield code="c">532</subfield></datafield><datafield ind1=" " ind2=" " tag="CAT"><subfield code="a">Sys</subfield><subfield code="c">20100902</subfield><subfield code="h">091902</subfield></datafield></record></collection>